<record><leader>00000cas a2200000 a 4500</leader><controlfield tag="001">31041652</controlfield><controlfield tag="008">940901d19121913maudn ne      0    0eng c</controlfield><datafield ind1=" " ind2=" " tag="010"><subfield code="a">sn 94055615 </subfield></datafield><datafield ind1=" " ind2=" " tag="040"><subfield code="a">MGN</subfield><subfield code="b">eng</subfield><subfield code="c">MGN</subfield><subfield code="d">NVF</subfield><subfield code="d">OCLCQ</subfield><subfield code="d">OCLCF</subfield><subfield code="d">OCLCO</subfield></datafield><datafield ind1="1" ind2=" " tag="029"><subfield code="a">AU@</subfield><subfield code="b">000011282484</subfield></datafield><datafield ind1=" " ind2=" " tag="042"><subfield code="a">pcc</subfield></datafield><datafield ind1=" " ind2=" " tag="043"><subfield code="a">n-us-ma</subfield></datafield><datafield ind1="0" ind2=" " tag="130"><subfield code="a">Dispatch (Salem, Mass. : 1912)</subfield></datafield><datafield ind1="1" ind2="0" tag="245"><subfield code="a">Dispatch.</subfield></datafield><datafield ind1="1" ind2="3" tag="246"><subfield code="a">Dispatch-gazette</subfield><subfield code="f">1912</subfield></datafield><datafield ind1="1" ind2="3" tag="246"><subfield code="a">Dispatch and Salem gazette</subfield><subfield code="b">Nov. 6-25, 1912</subfield></datafield><datafield ind1="1" ind2="7" tag="246"><subfield code="a">Salem dispatch</subfield><subfield code="f">1913</subfield></datafield><datafield ind1=" " ind2=" " tag="260"><subfield code="a">Salem, Mass. :</subfield><subfield code="b">Dispatch-Gazette Co.</subfield></datafield><datafield ind1=" " ind2=" " tag="300"><subfield code="a">v.</subfield></datafield><datafield ind1=" " ind2=" " tag="310"><subfield code="a">Daily (except Sunday)</subfield></datafield><datafield ind1="0" ind2=" " tag="362"><subfield code="a">Vol. 144, no. 188 (Aug. 17, 1912)-Aug. 25, 1913.</subfield></datafield><datafield ind1=" " ind2=" " tag="500"><subfield code="a">Published simultaneously at Lynn, May 2-July 7, 1913; at Gloucester also, June 18-July 7, 1913.</subfield></datafield><datafield ind1=" " ind2=" " tag="500"><subfield code="a">Editor: Arthur Howard.</subfield></datafield><datafield ind1=" " ind2=" " tag="515"><subfield code="a">Suspended between late Apr.and early June 1912 while Arthur Howard was in Europe.</subfield></datafield><datafield ind1=" " ind2="0" tag="651"><subfield code="a">Salem (Mass.)</subfield><subfield code="v">Newspapers.</subfield></datafield><datafield ind1=" " ind2="7" tag="655"><subfield code="a">Newspapers.</subfield><subfield code="2">fast</subfield><subfield code="0">(OCoLC)fst01423814</subfield></datafield><datafield ind1=" " ind2="7" tag="651"><subfield code="a">Massachusetts</subfield><subfield code="z">Salem.</subfield><subfield code="2">fast</subfield><subfield code="0">(OCoLC)fst01205839</subfield></datafield><datafield ind1=" " ind2=" " tag="752"><subfield code="a">United States</subfield><subfield code="b">Massachusetts</subfield><subfield code="c">Essex</subfield><subfield code="d">Salem.</subfield></datafield><datafield ind1=" " ind2=" " tag="752"><subfield code="a">United States</subfield><subfield code="b">Massachusetts</subfield><subfield code="c">Essex</subfield><subfield code="d">Lynn.</subfield></datafield><datafield ind1=" " ind2=" " tag="752"><subfield code="a">United States</subfield><subfield code="b">Massachusetts</subfield><subfield code="c">Essex</subfield><subfield code="d">Gloucester.</subfield></datafield><datafield ind1="0" ind2="0" tag="780"><subfield code="t">Dispatch gazette (Salem, Mass.)</subfield><subfield code="w">(DLC)sn 94055614</subfield></datafield></record>